@misc{baike,
    author = {中国电子学会 et al.},
    title = {百度百科~编译},
    howpublished={\url{https://baike.baidu.com/item/\%E7\%BC\%96\%E8\%AF\%91/1258343}},
}
@inproceedings{alg,  
    author={T.H. {Cormen} and C.E. {Leiserson} and R.L. {Rivest} and C. {Stein}},  
    booktitle={Introduction to Algorithms, Third Edition},
    year={2009},
    volume={},  
    number={},  
    pages={237-257}
}
@inproceedings{gcc,  
    author={Richard M. Stallman and the GCC Developer Community},  
    booktitle={Using the GNU Compiler Collection},
    year={2003},
    volume={},  
    number={},  
    pages={}
}

@inproceedings{os2,  
    author={R.E. {Bryant}},  
    booktitle={Computer Systems: A Programmer's Perspective},
    year={1991},
    volume={},  
    number={}
}

@book{compiler,
  title={编译原理 第二版},
  author={Alfred V.{Aho} et al.},
  isbn={9787111251217},
  year={2009}
}

@article{shin2016deep,
  title={Deep convolutional neural networks for computer-aided detection: CNN architectures, dataset characteristics and transfer learning},
  author={Shin, Hoo-Chang and Roth, Holger R and Gao, Mingchen and Lu, Le and Xu, Ziyue and Nogues, Isabella and Yao, Jianhua and Mollura, Daniel and Summers, Ronald M},
  journal={IEEE transactions on medical imaging},
  volume={35},
  number={5},
  pages={1285--1298},
  year={2016},
  publisher={IEEE}
}
